@Article{Einstein,
  author =       "Albert Einstein",
  title =        "{Zur Elektrodynamik bewegter K{\"o}rper}. ({German})
                 [{On} the electrodynamics of moving bodies]",
  journal =      "Annalen der Physik",
  volume =       "322",
  number =       "10",
  pages =        "891--921",
  year =         "1905",
  DOI =          "http://dx.doi.org/10.1002/andp.19053221004"
} 

@misc{Kaggle,
    author    = "www.kaggle.com",
    title     = "Finding Elo",
    howpublished = "website",
    year     = "2014 - 2015",
    month    = "October",
    note     = "https://www.kaggle.com/c/finding-elo/",
}

@misc{Stockfish,
    author    = "www.stockfishchess.org",
    title     = "Stockfish",
    howpublished = "website",
    year     = "2010 - 2015",
    month    = "",
    note     = "",
}

@misc{PGN,
    author    = "Wikipedia, the free encyclopedia",
    title     = "Portable Game Notation",
    howpublished = "website",
    year     = "",
    month    = "",
    note     = "http://en.wikipedia.org/wiki/Portable_Game_Notation",
}

@misc{FIDE,
    author    = "fide.com",
    title     = "FIDE Rating Regulations effective from 1 July 2014",
    howpublished = "website",
    year     = "2014",
    month    = "June",
    note     = "https://www.fide.com/fide/handbook.html?id=172&view=article",
}

@misc{ELO,
    author    = "Wikipedia, the free encyclopedia",
    title     = "Elo rating System",
    howpublished = "website",
    year     = "",
    month    = "",
    note     = "http://en.wikipedia.org/wiki/Elo_rating_system#Performance_rating",
}

@misc{proposal,
    author    = "Amanda Goonethilleke, Miracle Okubor",
    title     = "Predicting FIDE Elo Ratings from A Single Game- Proposal",
    howpublished = "sakai.rutgers.edu",
    year     = "2015",
    month    = "March",
    note     = " A research proposal for Finding Elo",
}

@misc{proposal,
    author    = "Kenneth W. Regan",
    school    = "University at Buffalo. NY",
    title     = "Intrinsic Ratings Compedium",
    edition   = "wodking draft"
    address   = "regan@buffalo.edu",
    year     = "2012",
    month    = "September",
    note     = "Provided as part of the kaggle.com/findingelo competition description",
}
